%YAML 1.1
%TAG !u! tag:unity3d.com,2011:
--- !u!1 &7999054684890702507
GameObject:
  m_ObjectHideFlags: 0
  m_CorrespondingSourceObject: {fileID: 0}
  m_PrefabInstance: {fileID: 0}
  m_PrefabAsset: {fileID: 0}
  serializedVersion: 6
  m_Component:
  - component: {fileID: 7999054684890531807}
  m_Layer: 0
  m_Name: Stage1
  m_TagString: Untagged
  m_Icon: {fileID: 0}
  m_NavMeshLayer: 0
  m_StaticEditorFlags: 0
  m_IsActive: 1
--- !u!4 &7999054684890531807
Transform:
  m_ObjectHideFlags: 0
  m_CorrespondingSourceObject: {fileID: 0}
  m_PrefabInstance: {fileID: 0}
  m_PrefabAsset: {fileID: 0}
  m_GameObject: {fileID: 7999054684890702507}
  m_LocalRotation: {x: 0, y: 0, z: 0, w: 1}
  m_LocalPosition: {x: 0, y: 0, z: 0}
  m_LocalScale: {x: 1, y: 1, z: 1}
  m_Children:
  - {fileID: 7999054684890484501}
  - {fileID: 252463917496940085}
  - {fileID: 748943834256455004}
  - {fileID: 537263684038627452}
  - {fileID: 6419775119405564225}
  - {fileID: 7565231638186643929}
  - {fileID: 8620291349512415931}
  m_Father: {fileID: 0}
  m_RootOrder: 0
  m_LocalEulerAnglesHint: {x: 0, y: 0, z: 0}
--- !u!1 &7999054684890714967
GameObject:
  m_ObjectHideFlags: 0
  m_CorrespondingSourceObject: {fileID: 0}
  m_PrefabInstance: {fileID: 0}
  m_PrefabAsset: {fileID: 0}
  serializedVersion: 6
  m_Component:
  - component: {fileID: 7999054684890484501}
  - component: {fileID: 7999054684891804951}
  - component: {fileID: 7999054684892442603}
  - component: {fileID: 7999054684888739505}
  m_Layer: 0
  m_Name: Ground
  m_TagString: Untagged
  m_Icon: {fileID: 0}
  m_NavMeshLayer: 0
  m_StaticEditorFlags: 0
  m_IsActive: 1
--- !u!4 &7999054684890484501
Transform:
  m_ObjectHideFlags: 0
  m_CorrespondingSourceObject: {fileID: 0}
  m_PrefabInstance: {fileID: 0}
  m_PrefabAsset: {fileID: 0}
  m_GameObject: {fileID: 7999054684890714967}
  m_LocalRotation: {x: 0, y: 0, z: 0, w: 1}
  m_LocalPosition: {x: 0, y: -0.5, z: 15}
  m_LocalScale: {x: 6, y: 1, z: 30}
  m_Children: []
  m_Father: {fileID: 7999054684890531807}
  m_RootOrder: 0
  m_LocalEulerAnglesHint: {x: 0, y: 0, z: 0}
--- !u!33 &7999054684891804951
MeshFilter:
  m_ObjectHideFlags: 0
  m_CorrespondingSourceObject: {fileID: 0}
  m_PrefabInstance: {fileID: 0}
  m_PrefabAsset: {fileID: 0}
  m_GameObject: {fileID: 7999054684890714967}
  m_Mesh: {fileID: 10202, guid: 0000000000000000e000000000000000, type: 0}
--- !u!23 &7999054684892442603
MeshRenderer:
  m_ObjectHideFlags: 0
  m_CorrespondingSourceObject: {fileID: 0}
  m_PrefabInstance: {fileID: 0}
  m_PrefabAsset: {fileID: 0}
  m_GameObject: {fileID: 7999054684890714967}
  m_Enabled: 1
  m_CastShadows: 1
  m_ReceiveShadows: 1
  m_DynamicOccludee: 1
  m_MotionVectors: 1
  m_LightProbeUsage: 1
  m_ReflectionProbeUsage: 1
  m_RayTracingMode: 2
  m_RenderingLayerMask: 1
  m_RendererPriority: 0
  m_Materials:
  - {fileID: 2100000, guid: 1fb13915915554ec7b1907ae1602d60c, type: 2}
  m_StaticBatchInfo:
    firstSubMesh: 0
    subMeshCount: 0
  m_StaticBatchRoot: {fileID: 0}
  m_ProbeAnchor: {fileID: 0}
  m_LightProbeVolumeOverride: {fileID: 0}
  m_ScaleInLightmap: 1
  m_ReceiveGI: 1
  m_PreserveUVs: 1
  m_IgnoreNormalsForChartDetection: 0
  m_ImportantGI: 0
  m_StitchLightmapSeams: 1
  m_SelectedEditorRenderState: 3
  m_MinimumChartSize: 4
  m_AutoUVMaxDistance: 0.5
  m_AutoUVMaxAngle: 89
  m_LightmapParameters: {fileID: 0}
  m_SortingLayerID: 0
  m_SortingLayer: 0
  m_SortingOrder: 0
--- !u!65 &7999054684888739505
BoxCollider:
  m_ObjectHideFlags: 0
  m_CorrespondingSourceObject: {fileID: 0}
  m_PrefabInstance: {fileID: 0}
  m_PrefabAsset: {fileID: 0}
  m_GameObject: {fileID: 7999054684890714967}
  m_Material: {fileID: 0}
  m_IsTrigger: 0
  m_Enabled: 1
  serializedVersion: 2
  m_Size: {x: 1, y: 1, z: 1}
  m_Center: {x: 0, y: 0, z: 0}
--- !u!1001 &252463917497126011
PrefabInstance:
  m_ObjectHideFlags: 0
  serializedVersion: 2
  m_Modification:
    m_TransformParent: {fileID: 7999054684890531807}
    m_Modifications:
    - target: {fileID: 126622, guid: b690dacf21cc94057ab7d152fa30ed9a, type: 3}
      propertyPath: m_Name
      value: Mofumoroid
      objectReference: {fileID: 0}
    - target: {fileID: 473678, guid: b690dacf21cc94057ab7d152fa30ed9a, type: 3}
      propertyPath: m_LocalPosition.x
      value: -0.6916652
      objectReference: {fileID: 0}
    - target: {fileID: 473678, guid: b690dacf21cc94057ab7d152fa30ed9a, type: 3}
      propertyPath: m_LocalPosition.y
      value: 0
      objectReference: {fileID: 0}
    - target: {fileID: 473678, guid: b690dacf21cc94057ab7d152fa30ed9a, type: 3}
      propertyPath: m_LocalPosition.z
      value: 18.246365
      objectReference: {fileID: 0}
    - target: {fileID: 473678, guid: b690dacf21cc94057ab7d152fa30ed9a, type: 3}
      propertyPath: m_LocalRotation.x
      value: 0
      objectReference: {fileID: 0}
    - target: {fileID: 473678, guid: b690dacf21cc94057ab7d152fa30ed9a, type: 3}
      propertyPath: m_LocalRotation.y
      value: 1
      objectReference: {fileID: 0}
    - target: {fileID: 473678, guid: b690dacf21cc94057ab7d152fa30ed9a, type: 3}
      propertyPath: m_LocalRotation.z
      value: 0
      objectReference: {fileID: 0}
    - target: {fileID: 473678, guid: b690dacf21cc94057ab7d152fa30ed9a, type: 3}
      propertyPath: m_LocalRotation.w
      value: 0
      objectReference: {fileID: 0}
    - target: {fileID: 473678, guid: b690dacf21cc94057ab7d152fa30ed9a, type: 3}
      propertyPath: m_RootOrder
      value: 1
      objectReference: {fileID: 0}
    - target: {fileID: 473678, guid: b690dacf21cc94057ab7d152fa30ed9a, type: 3}
      propertyPath: m_LocalEulerAnglesHint.x
      value: 0
      objectReference: {fileID: 0}
    - target: {fileID: 473678, guid: b690dacf21cc94057ab7d152fa30ed9a, type: 3}
      propertyPath: m_LocalEulerAnglesHint.y
      value: 180
      objectReference: {fileID: 0}
    - target: {fileID: 473678, guid: b690dacf21cc94057ab7d152fa30ed9a, type: 3}
      propertyPath: m_LocalEulerAnglesHint.z
      value: 0
      objectReference: {fileID: 0}
    m_RemovedComponents: []
  m_SourcePrefab: {fileID: 100100000, guid: b690dacf21cc94057ab7d152fa30ed9a, type: 3}
--- !u!4 &252463917496940085 stripped
Transform:
  m_CorrespondingSourceObject: {fileID: 473678, guid: b690dacf21cc94057ab7d152fa30ed9a,
    type: 3}
  m_PrefabInstance: {fileID: 252463917497126011}
  m_PrefabAsset: {fileID: 0}
--- !u!1001 &537263684038170296
PrefabInstance:
  m_ObjectHideFlags: 0
  serializedVersion: 2
  m_Modification:
    m_TransformParent: {fileID: 7999054684890531807}
    m_Modifications:
    - target: {fileID: 130880, guid: c2fb9cafd421b4bad8287429760d70c4, type: 3}
      propertyPath: m_Name
      value: Tofu
      objectReference: {fileID: 0}
    - target: {fileID: 460484, guid: c2fb9cafd421b4bad8287429760d70c4, type: 3}
      propertyPath: m_LocalPosition.x
      value: -1.7623444
      objectReference: {fileID: 0}
    - target: {fileID: 460484, guid: c2fb9cafd421b4bad8287429760d70c4, type: 3}
      propertyPath: m_LocalPosition.y
      value: 0
      objectReference: {fileID: 0}
    - target: {fileID: 460484, guid: c2fb9cafd421b4bad8287429760d70c4, type: 3}
      propertyPath: m_LocalPosition.z
      value: 10.566441
      objectReference: {fileID: 0}
    - target: {fileID: 460484, guid: c2fb9cafd421b4bad8287429760d70c4, type: 3}
      propertyPath: m_LocalRotation.x
      value: -0
      objectReference: {fileID: 0}
    - target: {fileID: 460484, guid: c2fb9cafd421b4bad8287429760d70c4, type: 3}
      propertyPath: m_LocalRotation.y
      value: 1
      objectReference: {fileID: 0}
    - target: {fileID: 460484, guid: c2fb9cafd421b4bad8287429760d70c4, type: 3}
      propertyPath: m_LocalRotation.z
      value: -0
      objectReference: {fileID: 0}
    - target: {fileID: 460484, guid: c2fb9cafd421b4bad8287429760d70c4, type: 3}
      propertyPath: m_LocalRotation.w
      value: 0
      objectReference: {fileID: 0}
    - target: {fileID: 460484, guid: c2fb9cafd421b4bad8287429760d70c4, type: 3}
      propertyPath: m_RootOrder
      value: 3
      objectReference: {fileID: 0}
    - target: {fileID: 460484, guid: c2fb9cafd421b4bad8287429760d70c4, type: 3}
      propertyPath: m_LocalEulerAnglesHint.x
      value: 0
      objectReference: {fileID: 0}
    - target: {fileID: 460484, guid: c2fb9cafd421b4bad8287429760d70c4, type: 3}
      propertyPath: m_LocalEulerAnglesHint.y
      value: 180
      objectReference: {fileID: 0}
    - target: {fileID: 460484, guid: c2fb9cafd421b4bad8287429760d70c4, type: 3}
      propertyPath: m_LocalEulerAnglesHint.z
      value: 0
      objectReference: {fileID: 0}
    m_RemovedComponents: []
  m_SourcePrefab: {fileID: 100100000, guid: c2fb9cafd421b4bad8287429760d70c4, type: 3}
--- !u!4 &537263684038627452 stripped
Transform:
  m_CorrespondingSourceObject: {fileID: 460484, guid: c2fb9cafd421b4bad8287429760d70c4,
    type: 3}
  m_PrefabInstance: {fileID: 537263684038170296}
  m_PrefabAsset: {fileID: 0}
--- !u!1001 &748943834256590044
PrefabInstance:
  m_ObjectHideFlags: 0
  serializedVersion: 2
  m_Modification:
    m_TransformParent: {fileID: 7999054684890531807}
    m_Modifications:
    - target: {fileID: 150958, guid: 56a105618f9ba4e5fa7ee2846f6c3809, type: 3}
      propertyPath: m_Name
      value: RoboBasic
      objectReference: {fileID: 0}
    - target: {fileID: 422272, guid: 56a105618f9ba4e5fa7ee2846f6c3809, type: 3}
      propertyPath: m_LocalPosition.x
      value: 1.8411343
      objectReference: {fileID: 0}
    - target: {fileID: 422272, guid: 56a105618f9ba4e5fa7ee2846f6c3809, type: 3}
      propertyPath: m_LocalPosition.y
      value: 0
      objectReference: {fileID: 0}
    - target: {fileID: 422272, guid: 56a105618f9ba4e5fa7ee2846f6c3809, type: 3}
      propertyPath: m_LocalPosition.z
      value: 8.385214
      objectReference: {fileID: 0}
    - target: {fileID: 422272, guid: 56a105618f9ba4e5fa7ee2846f6c3809, type: 3}
      propertyPath: m_LocalRotation.x
      value: -0
      objectReference: {fileID: 0}
    - target: {fileID: 422272, guid: 56a105618f9ba4e5fa7ee2846f6c3809, type: 3}
      propertyPath: m_LocalRotation.y
      value: 1
      objectReference: {fileID: 0}
    - target: {fileID: 422272, guid: 56a105618f9ba4e5fa7ee2846f6c3809, type: 3}
      propertyPath: m_LocalRotation.z
      value: -0
      objectReference: {fileID: 0}
    - target: {fileID: 422272, guid: 56a105618f9ba4e5fa7ee2846f6c3809, type: 3}
      propertyPath: m_LocalRotation.w
      value: 0
      objectReference: {fileID: 0}
    - target: {fileID: 422272, guid: 56a105618f9ba4e5fa7ee2846f6c3809, type: 3}
      propertyPath: m_RootOrder
      value: 2
      objectReference: {fileID: 0}
    - target: {fileID: 422272, guid: 56a105618f9ba4e5fa7ee2846f6c3809, type: 3}
      propertyPath: m_LocalEulerAnglesHint.x
      value: 0
      objectReference: {fileID: 0}
    - target: {fileID: 422272, guid: 56a105618f9ba4e5fa7ee2846f6c3809, type: 3}
      propertyPath: m_LocalEulerAnglesHint.y
      value: 180
      objectReference: {fileID: 0}
    - target: {fileID: 422272, guid: 56a105618f9ba4e5fa7ee2846f6c3809, type: 3}
      propertyPath: m_LocalEulerAnglesHint.z
      value: 0
      objectReference: {fileID: 0}
    m_RemovedComponents: []
  m_SourcePrefab: {fileID: 100100000, guid: 56a105618f9ba4e5fa7ee2846f6c3809, type: 3}
--- !u!4 &748943834256455004 stripped
Transform:
  m_CorrespondingSourceObject: {fileID: 422272, guid: 56a105618f9ba4e5fa7ee2846f6c3809,
    type: 3}
  m_PrefabInstance: {fileID: 748943834256590044}
  m_PrefabAsset: {fileID: 0}
--- !u!1001 &6419775119405166785
PrefabInstance:
  m_ObjectHideFlags: 0
  serializedVersion: 2
  m_Modification:
    m_TransformParent: {fileID: 7999054684890531807}
    m_Modifications:
    - target: {fileID: 150958, guid: 56a105618f9ba4e5fa7ee2846f6c3809, type: 3}
      propertyPath: m_Name
      value: RoboBasic (1)
      objectReference: {fileID: 0}
    - target: {fileID: 422272, guid: 56a105618f9ba4e5fa7ee2846f6c3809, type: 3}
      propertyPath: m_LocalPosition.x
      value: -0.1902194
      objectReference: {fileID: 0}
    - target: {fileID: 422272, guid: 56a105618f9ba4e5fa7ee2846f6c3809, type: 3}
      propertyPath: m_LocalPosition.y
      value: 0
      objectReference: {fileID: 0}
    - target: {fileID: 422272, guid: 56a105618f9ba4e5fa7ee2846f6c3809, type: 3}
      propertyPath: m_LocalPosition.z
      value: 26.118786
      objectReference: {fileID: 0}
    - target: {fileID: 422272, guid: 56a105618f9ba4e5fa7ee2846f6c3809, type: 3}
      propertyPath: m_LocalRotation.x
      value: -0
      objectReference: {fileID: 0}
    - target: {fileID: 422272, guid: 56a105618f9ba4e5fa7ee2846f6c3809, type: 3}
      propertyPath: m_LocalRotation.y
      value: 1
      objectReference: {fileID: 0}
    - target: {fileID: 422272, guid: 56a105618f9ba4e5fa7ee2846f6c3809, type: 3}
      propertyPath: m_LocalRotation.z
      value: -0
      objectReference: {fileID: 0}
    - target: {fileID: 422272, guid: 56a105618f9ba4e5fa7ee2846f6c3809, type: 3}
      propertyPath: m_LocalRotation.w
      value: 0
      objectReference: {fileID: 0}
    - target: {fileID: 422272, guid: 56a105618f9ba4e5fa7ee2846f6c3809, type: 3}
      propertyPath: m_RootOrder
      value: 4
      objectReference: {fileID: 0}
    - target: {fileID: 422272, guid: 56a105618f9ba4e5fa7ee2846f6c3809, type: 3}
      propertyPath: m_LocalEulerAnglesHint.x
      value: 0
      objectReference: {fileID: 0}
    - target: {fileID: 422272, guid: 56a105618f9ba4e5fa7ee2846f6c3809, type: 3}
      propertyPath: m_LocalEulerAnglesHint.y
      value: 180
      objectReference: {fileID: 0}
    - target: {fileID: 422272, guid: 56a105618f9ba4e5fa7ee2846f6c3809, type: 3}
      propertyPath: m_LocalEulerAnglesHint.z
      value: 0
      objectReference: {fileID: 0}
    m_RemovedComponents: []
  m_SourcePrefab: {fileID: 100100000, guid: 56a105618f9ba4e5fa7ee2846f6c3809, type: 3}
--- !u!4 &6419775119405564225 stripped
Transform:
  m_CorrespondingSourceObject: {fileID: 422272, guid: 56a105618f9ba4e5fa7ee2846f6c3809,
    type: 3}
  m_PrefabInstance: {fileID: 6419775119405166785}
  m_PrefabAsset: {fileID: 0}
--- !u!1001 &7565231638186978199
PrefabInstance:
  m_ObjectHideFlags: 0
  serializedVersion: 2
  m_Modification:
    m_TransformParent: {fileID: 7999054684890531807}
    m_Modifications:
    - target: {fileID: 126622, guid: b690dacf21cc94057ab7d152fa30ed9a, type: 3}
      propertyPath: m_Name
      value: Mofumoroid (1)
      objectReference: {fileID: 0}
    - target: {fileID: 473678, guid: b690dacf21cc94057ab7d152fa30ed9a, type: 3}
      propertyPath: m_LocalPosition.x
      value: -1.0911751
      objectReference: {fileID: 0}
    - target: {fileID: 473678, guid: b690dacf21cc94057ab7d152fa30ed9a, type: 3}
      propertyPath: m_LocalPosition.y
      value: 0
      objectReference: {fileID: 0}
    - target: {fileID: 473678, guid: b690dacf21cc94057ab7d152fa30ed9a, type: 3}
      propertyPath: m_LocalPosition.z
      value: 3.7808895
      objectReference: {fileID: 0}
    - target: {fileID: 473678, guid: b690dacf21cc94057ab7d152fa30ed9a, type: 3}
      propertyPath: m_LocalRotation.x
      value: -0
      objectReference: {fileID: 0}
    - target: {fileID: 473678, guid: b690dacf21cc94057ab7d152fa30ed9a, type: 3}
      propertyPath: m_LocalRotation.y
      value: -0
      objectReference: {fileID: 0}
    - target: {fileID: 473678, guid: b690dacf21cc94057ab7d152fa30ed9a, type: 3}
      propertyPath: m_LocalRotation.z
      value: -0
      objectReference: {fileID: 0}
    - target: {fileID: 473678, guid: b690dacf21cc94057ab7d152fa30ed9a, type: 3}
      propertyPath: m_LocalRotation.w
      value: 1
      objectReference: {fileID: 0}
    - target: {fileID: 473678, guid: b690dacf21cc94057ab7d152fa30ed9a, type: 3}
      propertyPath: m_RootOrder
      value: 5
      objectReference: {fileID: 0}
    - target: {fileID: 473678, guid: b690dacf21cc94057ab7d152fa30ed9a, type: 3}
      propertyPath: m_LocalEulerAnglesHint.x
      value: 0
      objectReference: {fileID: 0}
    - target: {fileID: 473678, guid: b690dacf21cc94057ab7d152fa30ed9a, type: 3}
      propertyPath: m_LocalEulerAnglesHint.y
      value: 0
      objectReference: {fileID: 0}
    - target: {fileID: 473678, guid: b690dacf21cc94057ab7d152fa30ed9a, type: 3}
      propertyPath: m_LocalEulerAnglesHint.z
      value: 0
      objectReference: {fileID: 0}
    m_RemovedComponents: []
  m_SourcePrefab: {fileID: 100100000, guid: b690dacf21cc94057ab7d152fa30ed9a, type: 3}
--- !u!4 &7565231638186643929 stripped
Transform:
  m_CorrespondingSourceObject: {fileID: 473678, guid: b690dacf21cc94057ab7d152fa30ed9a,
    type: 3}
  m_PrefabInstance: {fileID: 7565231638186978199}
  m_PrefabAsset: {fileID: 0}
--- !u!1001 &8620291349511957631
PrefabInstance:
  m_ObjectHideFlags: 0
  serializedVersion: 2
  m_Modification:
    m_TransformParent: {fileID: 7999054684890531807}
    m_Modifications:
    - target: {fileID: 130880, guid: c2fb9cafd421b4bad8287429760d70c4, type: 3}
      propertyPath: m_Name
      value: Tofu (1)
      objectReference: {fileID: 0}
    - target: {fileID: 460484, guid: c2fb9cafd421b4bad8287429760d70c4, type: 3}
      propertyPath: m_LocalPosition.x
      value: 1.9540703
      objectReference: {fileID: 0}
    - target: {fileID: 460484, guid: c2fb9cafd421b4bad8287429760d70c4, type: 3}
      propertyPath: m_LocalPosition.y
      value: 0
      objectReference: {fileID: 0}
    - target: {fileID: 460484, guid: c2fb9cafd421b4bad8287429760d70c4, type: 3}
      propertyPath: m_LocalPosition.z
      value: 1.1473303
      objectReference: {fileID: 0}
    - target: {fileID: 460484, guid: c2fb9cafd421b4bad8287429760d70c4, type: 3}
      propertyPath: m_LocalRotation.x
      value: -0
      objectReference: {fileID: 0}
    - target: {fileID: 460484, guid: c2fb9cafd421b4bad8287429760d70c4, type: 3}
      propertyPath: m_LocalRotation.y
      value: 1
      objectReference: {fileID: 0}
    - target: {fileID: 460484, guid: c2fb9cafd421b4bad8287429760d70c4, type: 3}
      propertyPath: m_LocalRotation.z
      value: -0
      objectReference: {fileID: 0}
    - target: {fileID: 460484, guid: c2fb9cafd421b4bad8287429760d70c4, type: 3}
      propertyPath: m_LocalRotation.w
      value: 0
      objectReference: {fileID: 0}
    - target: {fileID: 460484, guid: c2fb9cafd421b4bad8287429760d70c4, type: 3}
      propertyPath: m_RootOrder
      value: 6
      objectReference: {fileID: 0}
    - target: {fileID: 460484, guid: c2fb9cafd421b4bad8287429760d70c4, type: 3}
      propertyPath: m_LocalEulerAnglesHint.x
      value: 0
      objectReference: {fileID: 0}
    - target: {fileID: 460484, guid: c2fb9cafd421b4bad8287429760d70c4, type: 3}
      propertyPath: m_LocalEulerAnglesHint.y
      value: 180
      objectReference: {fileID: 0}
    - target: {fileID: 460484, guid: c2fb9cafd421b4bad8287429760d70c4, type: 3}
      propertyPath: m_LocalEulerAnglesHint.z
      value: 0
      objectReference: {fileID: 0}
    m_RemovedComponents: []
  m_SourcePrefab: {fileID: 100100000, guid: c2fb9cafd421b4bad8287429760d70c4, type: 3}
--- !u!4 &8620291349512415931 stripped
Transform:
  m_CorrespondingSourceObject: {fileID: 460484, guid: c2fb9cafd421b4bad8287429760d70c4,
    type: 3}
  m_PrefabInstance: {fileID: 8620291349511957631}
  m_PrefabAsset: {fileID: 0}
